@INPROCEEDINGS{Keogh93segmentingtime,
    author = {Eamonn Keogh, Selina Chu, David Hart and Michael Pazzani},
    title = {Segmenting Time Series: A Survey and Novel Approach},
    booktitle = {In an Edited Volume, Data mining in Time Series Databases.},
    year = {1993},
    pages = {1--22},
    publisher = {World Scientific}
}
@INPROCEEDINGS{Guo07recognizingstock,
    author = {Xinyu Guo, Xun Liang and Nan Li},
    title = {Automatically Recognizing Stock Patterns Using RPCL Neural Networks},
    booktitle = {Proceedings of the 2007 International Conference on Intelligent Systems and Knowledge Engineering},
    year = {2007},
    pages = {15--16}
}
@INPROCEEDINGS{Hinton08tsne,
    author = {L.J.P. van der Maaten and G.E. Hinton},
    title = {Visualizing High-Dimensional Data Using t-SNE},
    booktitle = {Journal of Machine Learning Research 9(Nov)},
    year = {2008},
    pages = {2579-2605}
}