@INPROCEEDINGS{Keogh93segmentingtime,
    author = {Eamonn Keogh and Selina Chu and David Hart and Michael Pazzani},
    title = {Segmenting Time Series: A Survey and Novel Approach},
    booktitle = {In an Edited Volume, Data mining in Time Series Databases. Published by World Scientific},
    year = {1993},
    pages = {1--22},
    publisher = {Publishing Company}
}
